\usepackage{url} 


@Article{svhn,
author = {Yuval Netzer and Tao Wang and Adam Coates and Alessandro Bissacco and Bo Wu and Andrew Y Ng},
title = {Reading Digits in Natural Images with Unsupervised Feature Learning},
journal = {NIPS Workshop on Deep Learning and Unsupervised Feature Learning},
year = {2011},
OPTkey = {•},
OPTvolume = {•},
OPTnumber = {•},
OPTpages = {•},
OPTmonth = {•},
OPTnote = {•},
OPTannote = {•}
}
